@book{foc::krause2013analysis,
	title={Analysis of electric machinery and drive systems},
	author={Krause, Paul C and Wasynczuk, Oleg and Sudhoff, Scott D and Pekarek, Steven D},
	volume={75},
	year={2013},
	publisher={John Wiley \& Sons}
}
