@inproceedings{misc::carpentier2019pinocchio,
  title={The Pinocchio C++ library: A fast and flexible implementation of rigid body dynamics algorithms and their analytical derivatives},
  author={Carpentier, Justin and Saurel, Guilhem and Buondonno, Gabriele and Mirabel, Joseph and Lamiraux, Florent and Stasse, Olivier and Mansard, Nicolas},
  booktitle={2019 IEEE/SICE International Symposium on System Integration (SII)},
  pages={614--619},
  year={2019},
  organization={IEEE}
}

@article{misc::colledanchise2021implementation,
  title={On the implementation of behavior trees in robotics},
  author={Colledanchise, Michele and Natale, Lorenzo},
  journal={IEEE Robotics and Automation Letters},
  volume={6},
  number={3},
  pages={5929--5936},
  year={2021},
  publisher={IEEE}
}

@article{misc::kashiri2019centauro,
  title={Centauro: A hybrid locomotion and high power resilient manipulation platform},
  author={Kashiri and others},
  journal={IEEE RAL},
  volume={4},
  number={2},
  pages={1595--1602},
  year={2019},
  publisher={IEEE}
}
