@misc{url::awesome_leg_repo,
  author = {Andrea Patrizi},
  title = {{HHCM-awesome\_leg}},
  howpublished = "\url{https://github.com/ADVRHumanoids/awesome_leg/tree/humanoids23_submission}",
  year = {2023}, 
  note = "[Online; accessed 03-July-2023]"
}

@misc{url::data_link,
	author = {Andrea Patrizi},
	title = {{humanoids23\_opendata}},
	howpublished = "\url{https://drive.google.com/drive/folders/19J7vAJigoIES9niY9HVV40xFMkzh9XZ1}",
	year = {2023}, 
	note = "[Online; accessed 04-July-2023]"
}
